@inproceedings{rauch2011mobile,
  title={Mobile documentation: Usability guidelines, and considerations for providing documentation on Kindle, tablets, and smartphones},
  author={Rauch, Marta},
  booktitle={Professional Communication Conference (IPCC), 2011 IEEE International},
  pages={1--13},
  year={2011},
  organization={IEEE}
}
@inproceedings{gunduz2012usability,
  title={Usability Improvements for Touch-Screen Mobile Flight Booking Application: A Case Study},
  author={Gunduz, Feyza and Pathan, AK},
  booktitle={Advanced Computer Science Applications and Technologies (ACSAT), 2012 International Conference on},
  pages={49--54},
  year={2012},
  organization={IEEE}
}
@inproceedings{hussain2008user,
  title={User interface design for a mobile multimedia application: An iterative approach},
  author={Hussain, Zahid and Lechner, Martin and Milchrahm, Harald and Shahzad, Sara and Slany, Wolfgang and Umgeher, Martin and Vlk, Thomas and Wolkerstorfer, Peter},
  booktitle={Advances in Computer-Human Interaction, 2008 First International Conference on},
  pages={189--194},
  year={2008},
  organization={IEEE}
}
@inproceedings{martinazzo2008testing,
  title={Testing the OLPC Drawing Activity: an usability report},
  author={Martinazzo, A and Patr{\'\i}cio, Nathalia Sautchuk and Biazon, Leandro Coletto and Ficheman, Irene Karaguilla and Lopes, R},
  booktitle={Advanced Learning Technologies, 2008. ICALT'08. Eighth IEEE International Conference on},
  pages={844--846},
  year={2008},
  organization={IEEE}
}
@inproceedings{nayebi2012state,
  title={The state of the art of mobile application usability evaluation.},
  author={Nayebi, Fatih and Desharnais, Jean-Marc and Abran, Alain},
  booktitle={CCECE},
  pages={1--4},
  year={2012}
}
@inproceedings{seraj2012study,
  title={A study of User Interface Design principles and requirements for developing a Mobile learning prototype},
  author={Seraj, M and Wong, Chui Yin},
  booktitle={Computer \& Information Science (ICCIS), 2012 International Conference on},
  volume={2},
  pages={1014--1019},
  year={2012},
  organization={IEEE}
}
@inproceedings{kondratova2006m,
  title={M-learning: Overcoming the Usability Challenges of Mobile Devices},
  author={Kondratova, Irina and Goldfarb, Ilia},
  booktitle={Networking, International Conference on Systems and International Conference on Mobile Communications and Learning Technologies, 2006. ICN/ICONS/MCL 2006. International Conference on},
  pages={223--223},
  year={2006},
  organization={IEEE}
}
@inproceedings{lee2004developing,
  title={Developing a new usability testing method for mobile devices},
  author={Lee, Kwang Bok and Grice, Roger A},
  booktitle={Professional Communication Conference, 2004. IPCC 2004. Proceedings. International},
  pages={115--127},
  year={2004},
  organization={IEEE}
}
@inproceedings{hashim2011mobile,
  title={Mobile learning course content application as a revision tool: The effectiveness and usability},
  author={Hashim, Ahmad Sobri and Ahmad, Wan Fatimah Wan and Ahmad, Rohiza},
  booktitle={Pattern Analysis and Intelligent Robotics (ICPAIR), 2011 International Conference on},
  volume={2},
  pages={184--187},
  year={2011},
  organization={IEEE}
}